@article{kalgutkar2019code,
  title={Code authorship attribution: Methods and challenges},
  author={Kalgutkar, Vaibhavi and Kaur, Ratinder and Gonzalez, Hugo and Stakhanova, Natalia and Matyukhina, Alina},
  journal={ACM Computing Surveys (CSUR)},
  volume={52},
  number={1},
  pages={1--36},
  year={2019},
  publisher={ACM New York, NY, USA}
}

@inproceedings{rosenblum2010extracting,
  title={Extracting compiler provenance from program binaries},
  author={Rosenblum, Nathan E and Miller, Barton P and Zhu, Xiaojin},
  booktitle={Proceedings of the 9th ACM SIGPLAN-SIGSOFT workshop on Program analysis for software tools and engineering},
  pages={21--28},
  year={2010}
}

@inproceedings{rosenblum2011wrote,
  title={Who wrote this code? identifying the authors of program binaries},
  author={Rosenblum, Nathan and Zhu, Xiaojin and Miller, Barton P},
  booktitle={Computer Security--ESORICS 2011: 16th European Symposium on Research in Computer Security, Leuven, Belgium, September 12-14, 2011. Proceedings 16},
  pages={172--189},
  year={2011},
  organization={Springer}
}

@article{chouchane2013detecting,
  title={Detecting machine-morphed malware variants via engine attribution},
  author={Chouchane, Radhouane and Stakhanova, Natalia and Walenstein, Andrew and Lakhotia, Arun},
  journal={Journal of Computer Virology and Hacking Techniques},
  volume={9},
  pages={137--157},
  year={2013},
  publisher={Springer}
}

@article{stamatatos2009survey,
  title={A survey of modern authorship attribution methods},
  author={Stamatatos, Efstathios},
  journal={Journal of the American Society for information Science and Technology},
  volume={60},
  number={3},
  pages={538--556},
  year={2009},
  publisher={Wiley Online Library}
}

@article{jhivapd,
  title={VaPD: A Value-Based Approach to Obfuscation-Resilient Software Plagiarism Detection},
  author={Jhi, Yoon-Chan and Wang, Xinran and Jia, Xiaoqi and Zhu, Sencun and Liu, Peng}
}

@inproceedings{buruiana2013automatic,
  title={Automatic plagiarism detection system for specialized corpora},
  author={Buruiana, Filip Cristian and Scoica, Adrian and Rebedea, Traian and Rughinis, Razvan},
  booktitle={2013 19th International Conference on Control Systems and Computer Science},
  pages={77--82},
  year={2013},
  organization={IEEE}
}

@inproceedings{saha2019integrating,
  title={Integrating Requirements and Code Artifacts through Traceability Recovery using Bidirectional Gated Recurrent Units},
  author={Saha, Sreya and Hafiz, Md Mahbubul and Roy, Chanchal Kumar},
  booktitle={Proceedings of the 27th IEEE International Requirements Engineering Conference (RE'19)},
  pages={87--98},
  year={2019},
  organization={IEEE}
}

@misc{uscybercom2018vision,
  title = {USCYBERCOM Vision},
  author = {{U.S. Cyber Command}},
  year = {2018},
  howpublished = {\url{https://www.cybercom.mil/Portals/56/Documents/USCYBERCOM%20Vision%20April%202018.pdf}},
  note = {Accessed on 2023-03-23}
}

@book{zetter2014countdown,
  title={Countdown to zero day: Stuxnet and the launch of the world's first digital weapon},
  author={Zetter, Kim},
  year={2014},
  publisher={Broadway Books}
}

@misc{titanrain2016,
  title={Remembering Operation Titan Rain},
  author={{Cyware Hacker News}},
  year={2016},
  publisher={{Cyware Hacker News}},
  url={https://cyware.com/news/remembering-operation-titan-rain-c54ad3e4
}

@misc{dod2011strategy,
  title={Department of Defense Strategy for Operating in Cyberspace},
  author={{Department of Defense}},
  year={2011},
  publisher={{Department of Defense}},
  url={https://dod.defense.gov/Portals/1/Documents/pubs/DoD%20Strategy%20for%20Operating%20in%20Cyberspace%20(Signed%20Version).pdf}
}

@misc{myers2004national,
  title={National Military Strategy of the United States of America 2004},
  author={Myers, Richard},
  year={2004},
  publisher={Joint Chiefs of Staff},
  url={https://www.jcs.mil/Portals/36/Documents/Doctrine/pubs/nms2004.pdf?ver=9jqXxg-hszR8yiV-veGtFw%3d%3d}
}

@online{cip-plan:2000,
  author = {Richard A. Clarke},
  title = {National Plan for Information Systems Protection},
  year = 2000,
  url = {https://irp.fas.org/offdocs/pdd/CIP-plan.pdf},
  urldate = {2023-03-23}
}

@inproceedings{varela2011selecting,
  title={Selecting syntactic attributes for authorship attribution},
  author={Varela, Paulo and Justino, Edson and Oliveira, Luiz S},
  booktitle={The 2011 International Joint Conference on Neural Networks},
  pages={167--172},
  year={2011},
  organization={IEEE}
}


@article{fedotova2021authorship,
  title={Authorship attribution of social media and literary Russian-language texts using machine learning methods and feature selection},
  author={Fedotova, Anastasia and Romanov, Aleksandr and Kurtukova, Anna and Shelupanov, Alexander},
  journal={Future Internet},
  volume={14},
  number={1},
  pages={4},
  year={2021},
  publisher={MDPI}
}

@book{goldsmith2022united,
  title={The United States' Defend Forward Cyber Strategy: A Comprehensive Legal Assessment},
  author={Goldsmith, Jack},
  year={2022},
  publisher={Oxford University Press}
}

@article{rugge2018cyberspace,
  title={Cyberspace and the Armed Forces},
  author={Rugge, FABIO},
  journal={Commentary, May 2, str. 1},
  volume={4},
  year={2018}
}

@article{nakashima2012iran,
  title={Iran blamed for cyberattacks on US banks and companies},
  author={Nakashima, Ellen},
  journal={Washington Post},
  volume={21},
  year={2012}
}

@article{kaminski2020operation,
  title={Operation “Olympic Games.” Cyber-sabotage as a tool of American intelligence aimed at counteracting the development of Iran’s nuclear programme},
  author={Kami{\'n}ski, Mariusz Antoni and others},
  journal={Security and Defence Quarterly},
  volume={29},
  number={2},
  pages={63--71},
  year={2020},
  publisher={Akademia Sztuki Wojennej}
}

@article{lynn2010defending,
  title={Defending a new domain-the Pentagon's cyberstrategy},
  author={Lynn III, William F},
  journal={Foreign Aff.},
  volume={89},
  pages={97},
  year={2010},
  publisher={HeinOnline}
}

@article{lewis2005computer,
  title={Computer Espionage, Titan Rain and China},
  author={Lewis, James A},
  journal={Center for Strategic and International Studies-Technology and Public Policy Program},
  volume={1},
  year={2005}
}

@article{purohitcyber,
  title={Cyber Attacks That Shook the World},
  author={Purohit, Rohit Sharma1 Dr Mona}
}

@article{delibasis2007modern,
  title={Modern Information Warfare Operations and the Weakness of the Current Regulatory Regime},
  author={Delibasis Fokas, Demetrius},
  journal={Philosophy of International Law (https://www.electronicpublications.org/catalogue.php},
  year={2007}
}

@article{brassardmorris,
  title={The Morris Worm (1988)},
  author={Brassard, Ana}
}

@techreport{woodard2007categorizing,
  title={Categorizing threat: building and using a generic threat matrix.},
  author={Woodard, Laura and Veitch, Cynthia K and Thomas, Sherry Reede and Duggan, David Patrick},
  year={2007},
  institution={Sandia National Laboratories (SNL), Albuquerque, NM, and Livermore, CA~…}
}

@article{chawla2002smote,
  title={SMOTE: synthetic minority over-sampling technique},
  author={Chawla, Nitesh V and Bowyer, Kevin W and Hall, Lawrence O and Kegelmeyer, W Philip},
  journal={Journal of artificial intelligence research},
  volume={16},
  pages={321--357},
  year={2002}
}

@inproceedings{japkowicz2000class,
  title={The class imbalance problem: Significance and strategies},
  author={Japkowicz, Nathalie},
  booktitle={Proc. of the Int’l Conf. on artificial intelligence},
  volume={56},
  pages={111--117},
  year={2000}
}

@online{EquationSamples2015,
  author = {Mila},
  title = {EquationSamples},
  year = 2015,
  url = {https://cantagiodump.blogspot.com/2015/02/equation-samples-from-kaspersky-report.html},
  urldate = {2015-02-17}
}

@online{DarkHotelIoCs2014,
  author = {Kaspersky},
  title = {DarkHotelIoCs},
  year = 2014,
  url = {https://media.kasperskycontenthub.com/wp-content/uploads/sites/43/2018/03/08070901/darkhotelappendixindicators_kl.pdf},
  urldate = {2014-11-01}
}

@online{APT30IoCs2015,
  author = {FireEye},
  title = {APT30IoCs},
  year = 2015,
  url = {https://github.com/fireeye/iocs/blob/master/APT30/eeffc8e8-caee-4fe1-8ace-7a994b5d893f.ioc},
  urldate = {2015-04-13}
}

@online{CrouchingYeti2014,
  author = {Kaspersky},
  title = {Crouching Yeti — Appendixes},
  year = 2014,
  url = {https://media.kasperskycontenthub.com/wp-content/uploads/sites/43/2018/03/08080840/Kaspersky_Lab_crouching_yeti_appendixes_eng_final.pdf},
  urldate = {2014-07-01}
}

@online{OperationCloudHopperIoCs2017,
  author = {PWC},
  title = {Operation Cloud Hopper Indicators of Compromise},
  year = 2017,
  url = {https://www.pwc.co.uk/cyber-security/pdf/cloud-hopper-indicators-of-compromise-v3.pdf},
  urldate = {2017-04-05}
}

@online{DukeAPTcloudLin2015,
  author = {Artturi},
  title = {Duke APT group's latest tools: cloud services and Linux support},
  year = 2015,
  url = {https://www.f-secure.com/weblog/archives/00002822.html},
  urldate = {2015-07-22}
}

@online{SofacyActivity2018,
  author = {GReAT},
  title = {A Slice of 2017 Sofacy Activity},
  year = 2018,
  url = {https://securelist.com/a-slice-of-2017-sofacy-activity/83930/},
  urldate = {2018-02-20}
}

@online{APT1Mandiant2013,
  author = {Mandiant},
  title = {APT1 Exposing One of China’s Cyber Espionage Units},
  year = 2013,
  url = {https://www.fireeye.com/content/dam/fireeye-www/services/pdfs/mandiant-apt1-report.pdf},
  urldate = {2013-02-19}
}

@online{APT_Attacks2013,
  author = {R. Murthy & A. Cherian},
  title = {Inside Report – APT Attacks on Indian Cyber Space},
  year = 2013,
  url = {https://airbus-cyber-security.com/newcomers-derusbi-family/},
  urldate = {2022-06-29}
}

@online{NewDerusbiFamily2015,
  author = {F. Perigaud},
  title = {Newcomers in the Derusbi family},
  year = 2015,
  url = {https://airbus-cyber-security.com/newcomers-derusbi-family/},
  urldate = {2015-12-15}
}

@online{ExploringBergard2016,
  author = {D. Huss},
  title = {Exploring Bergard: Old Malware with New Tricks},
  year = 2016,
  url = {https://proofpoint.com/us/exploring-bergard-old-malware-new-tricks},
  urldate = {2016-06-24}
}

@online{DeepPanda2013,
  author = {CrowdStrike},
  title = {Deep Panda},
  year = 2013,
  url = {http://cybercampaigns.net/wp-content/uploads/2013/06/Deep-Panda.pdf},
  urldate = {2013-06-29}
}

@online{APTnotes,
  author = {K. Bandla and S. Castro},
  title = {APT CTI Reports},
  year = 2022,
  url = {https://github.com/aptnotes/data},
  urldate = {2022-06-29}
}

@inproceedings{alrabaee2019bineye,
  title={BinEye: towards efficient binary authorship characterization using deep learning},
  author={Alrabaee, Saed and Karbab, ElMouatez Billah and Wang, Lingyu and Debbabi, Mourad},
  booktitle={European Symposium on Research in Computer Security},
  pages={47--67},
  year={2019},
  organization={Springer}
}

@article{alrabaee2019feasibility,
  title={On the feasibility of binary authorship characterization},
  author={Alrabaee, Saed and Debbabi, Mourad and Wang, Lingyu},
  journal={Digital Investigation},
  volume={28},
  pages={S3--S11},
  year={2019},
  publisher={Elsevier}
}

@article{rosenberg2018end,
  title={End-to-end deep neural networks and transfer learning for automatic analysis of nation-state malware},
  author={Rosenberg, Ishai and Sicard, Guillaume and David, Eli Omid},
  journal={Entropy},
  volume={20},
  number={5},
  pages={390},
  year={2018},
  publisher={Multidisciplinary Digital Publishing Institute}
}

@inproceedings{rosenberg2017deepapt,
  title={DeepAPT: nation-state APT attribution using end-to-end deep neural networks},
  author={Rosenberg, Ishai and Sicard, Guillaume and David, Eli Omid},
  booktitle={International Conference on Artificial Neural Networks},
  pages={91--99},
  year={2017},
  organization={Springer}
}

@article{meng2018binary,
  title={Binary code multi-author identification in multi-toolchain scenarios},
  author={Meng, Xiaozhu and Miller, Barton P},
  journal={Under Submission},
  year={2018}
}

@inproceedings{gonzalez2018authorship,
  title={Authorship attribution of android apps},
  author={Gonzalez, Hugo and Stakhanova, Natalia and Ghorbani, Ali A},
  booktitle={Proceedings of the Eighth ACM Conference on Data and Application Security and Privacy},
  pages={277--286},
  year={2018}
}

@inproceedings{meng2016fine,
  title={Fine-grained binary code authorship identification},
  author={Meng, Xiaozhu},
  booktitle={Proceedings of the 2016 24th ACM SIGSOFT international symposium on foundations of software engineering},
  pages={1097--1099},
  year={2016}
}

@inproceedings{kalgutkar2018android,
  title={Android authorship attribution through string analysis},
  author={Kalgutkar, Vaibhavi and Stakhanova, Natalia and Cook, Paul and Matyukhina, Alina},
  booktitle={Proceedings of the 13th International Conference on Availability, Reliability and Security},
  pages={1--10},
  year={2018}
}

@article{caliskan2015coding,
  title={When coding style survives compilation: De-anonymizing programmers from executable binaries},
  author={Caliskan, Aylin and Yamaguchi, Fabian and Dauber, Edwin and Harang, Richard and Rieck, Konrad and Greenstadt, Rachel and Narayanan, Arvind},
  journal={arXiv preprint arXiv:1512.08546},
  year={2015}
}

@phdthesis{hendrikse2017effect,
  title={The effect of code obfuscation on authorship attribution of binary computer files},
  author={Hendrikse, Steven},
  year={2017},
  school={Nova Southeastern University}
}

@article{hong2018classifying,
  title={Classifying malwares for identification of author groups},
  author={Hong, Jiwon and Park, Sanghyun and Kim, Sang-Wook and Kim, Dongphil and Kim, Wonho},
  journal={Concurrency and Computation: Practice and Experience},
  volume={30},
  number={3},
  pages={e4197},
  year={2018},
  publisher={Wiley Online Library}
}

@article{gray2021identifying,
  title={Identifying authorship style in malicious binaries: techniques, challenges \& datasets},
  author={Gray, Jason and Sgandurra, Daniele and Cavallaro, Lorenzo},
  journal={arXiv preprint arXiv:2101.06124},
  year={2021}
}

@online{HP-Bromium2020Q4report,
  author = {HP-Bromium},
  title = {2020 Q4 - Quarterly Threat Insights Report},
  year = 2020,
  url = {https://threatresearch.ext.hp.com/wp-content/uploads/2021/03/HP_Bromium_Threat_Insights_Report_Q4_2020.pdf},
  urldate = {2022-04-04}
}

@incollection{laurenza2019daptaset,
  title={dAPTaset: A comprehensive mapping of APT-related data},
  author={Laurenza, Giuseppe and Lazzeretti, Riccardo},
  booktitle={Computer Security},
  pages={217--225},
  year={2019},
  publisher={Springer}
}

@article{haddadpajouh2020mvfcc,
  title={MVFCC: A multi-view fuzzy consensus clustering model for malware threat attribution},
  author={Haddadpajouh, Hamed and Azmoodeh, Amin and Dehghantanha, Ali and Parizi, Reza M},
  journal={IEEE Access},
  volume={8},
  pages={139188--139198},
  year={2020},
  publisher={IEEE}
}

@misc{APTMalware2022,
  author = {Radnus},
  title = {APTMalware},
  year = {2022},
  publisher = {GitHub},
  journal = {GitHub repository},
  howpublished = {\url{https://github.com/Radnus/APTMalware}},
  commit = {3abb029281bf357e1f25eb7d7273e96a7f6f67cd}
}

@misc{APTAttribution2022,
  author = {Radnus},
  title = {APTAttribution},
  year = {2022},
  publisher = {GitHub},
  journal = {GitHub repository},
  howpublished = {\url{https://github.com/Radnus/APTAttribution}},
  commit = {4d8e4bb134594694aa1051caaf4587cb8547d31d}
}

@article{bruschidetecting,
  title={Detecting Self-Mutating Malware Using Control-Flow Graph Matching},
  author={Bruschi, Danilo and Martignoni, Lorenzo and Monga, Mattia}
}

@article{ranjan2016boolean,
  title={Boolean Signatures for Metamorphic Malware},
  author={Ranjan, Aditya Kaushal and Ali, Raja and Kumar, Vijay and Hosseinzadeh, Minoo},
  journal={Procedia Computer Science},
  volume={78},
  pages={255--262},
  year={2016},
  publisher={Elsevier}
}

@inproceedings{christodorescu2005semantics,
  title={Semantics-aware malware detection},
  author={Christodorescu, Mihai and Jha, Somesh and Seshia, Sanjit A and Song, Dawn and Bryant, R    andal E},
  booktitle={2005 IEEE Symposium on Security and Privacy (S\&P'05)},
  pages={32--46},
  year={2005},
  organization={IEEE}
}

@online{MISP,
  author = {MISP},
  title = {MISP - Open Source Threat Intelligence Platform &
Open Standards For Threat Information Sharing},
  year = 2020,
  url = {https://www.misp-project.org/},
  urldate = {2020-07-11}
}

@article{noor2019machine,
  title={A machine learning-based FinTech cyber threat attribution framework using high-level indicators of compromise},
  author={Noor, Umara and Anwar, Zahid and Amjad, Tehmina and Choo, Kim-Kwang Raymond},
  journal={Future Generation Computer Systems},
  volume={96},
  pages={227--242},
  year={2019},
  publisher={Elsevier}
}

@article{greenberg2018untold,
  title={The untold story of NotPetya, the most devastating cyberattack in history},
  author={Greenberg, Andy},
  journal={Wired, August},
  volume={22},
  year={2018}
}

@inproceedings{zhang2011empirical,
  title={An empirical study on using the national vulnerability database to predict software vulnerabilities},
  author={Zhang, Su and Caragea, Doina and Ou, Xinming},
  booktitle={International conference on database and expert systems applications},
  pages={217--231},
  year={2011},
  organization={Springer}
}

@article{strom2018mitre,
  title={Mitre att\&ck: Design and philosophy},
  author={Strom, Blake E and Applebaum, Andy and Miller, Doug P and Nickels, Kathryn C and Pennington, Adam G and Thomas, Cody B},
  journal={Technical report},
  year={2018}
}

@article{hutchins2011intelligence,
  title={Intelligence-driven computer network defense informed by analysis of adversary campaigns and intrusion kill chains},
  author={Hutchins, Eric M and Cloppert, Michael J and Amin, Rohan M},
  journal={Leading Issues in Information Warfare \& Security Research},
  volume={1},
  number={1},
  pages={80},
  year={2011}
}

@article{jadalla2008pde4java,
  title={PDE4Java: Plagiarism Detection Engine For Java, Source Code: A Clustering Approach.},
  author={Jadalla, Ameera and Elnagar, Ashraf},
  journal={IJBIDM},
  volume={3},
  number={2},
  pages={121--135},
  year={2008}
}

@inproceedings{lesner2010novel,
  title={A novel framework to detect source code plagiarism: now, students have to work for real!},
  author={Lesner, Boris and Brixtel, Romain and Bazin, Cyril and Bagan, Guillaume},
  booktitle={Proceedings of the 2010 ACM Symposium on Applied Computing},
  pages={57--58},
  year={2010}
}

@inproceedings{kustanto2009automatic,
  title={Automatic source code plagiarism detection},
  author={Kustanto, Cynthia and Liem, Inggriani},
  booktitle={2009 10th ACIS International Conference on Software Engineering, Artificial Intelligences, Networking and Parallel/Distributed Computing},
  pages={481--486},
  year={2009},
  organization={IEEE}
}

@inproceedings{sartea2020bayesian,
  title={Bayesian Active Malware Analysis},
  author={Sartea, Riccardo and Chalkiadakis, Georgios and Farinelli, Alessandro and Murari, Matteo},
  booktitle={Proceedings of the 19th International Conference on Autonomous Agents and MultiAgent Systems},
  pages={1206--1214},
  year={2020}
}

@inproceedings{xu2020revisiting,
  title={Revisiting the Challenges and Opportunities in Software Plagiarism Detection},
  author={Xu, Xi and Fan, Ming and Jia, Ang and Wang, Yin and Yan, Zheng and Zheng, Qinghua and Liu, Ting},
  booktitle={2020 IEEE 27th International Conference on Software Analysis, Evolution and Reengineering (SANER)},
  pages={537--541},
  year={2020},
  organization={IEEE}
}

@online{NIST_NVD:2020,
  author = {Jones, Nigel},
  title = {National Institute of Standards and Technology (NIST) National Vulnerability Database (NVD)},
  year = 2020,
  url = {https://nvd.nist.gov/},
  urldate = {2020-01-18}
}

@article{martin2014cyber,
  title={Cyber kill chain{\textregistered}},
  author={Martin, Lockheed},
  journal={URL: http://cyber. lockheedmartin. com/hubfs/Gaining the Advantage Cyber Kill Chain. pdf},
  year={2014}
}

@article{strom2018mitre,
  title={MITRE ATT\&CK: Design and Philosophy},
  author={Strom, Blake E and Applebaum, Andy and Miller, Doug P and Nickels, Kathryn C and Pennington, Adam G and Thomas, Cody B},
  journal={MITRE Product MP},
  pages={18--0944},
  year={2018}
}

@article{quiring2019misleading,
  title={Misleading Authorship Attribution of Source Code using Adversarial Learning},
  author={Quiring, Erwin and Maier, Alwin and Rieck, Konrad},
  journal={arXiv preprint arXiv:1905.12386},
  year={2019}
}

@inproceedings{abuhamad2018large,
  title={Large-scale and language-oblivious code authorship identification},
  author={Abuhamad, Mohammed and AbuHmed, Tamer and Mohaisen, Aziz and Nyang, DaeHun},
  booktitle={Proceedings of the 2018 ACM SIGSAC Conference on Computer and Communications Security},
  pages={101--114},
  year={2018},
  organization={ACM}
}

@inproceedings{caliskan2015anonymizing,
  title={De-anonymizing programmers via code stylometry},
  author={Caliskan-Islam, Aylin and Harang, Richard and Liu, Andrew and Narayanan, Arvind and Voss, Clare and Yamaguchi, Fabian and Greenstadt, Rachel},
  booktitle={24th $\{$USENIX$\}$ Security Symposium ($\{$USENIX$\}$ Security 15)},
  pages={255--270},
  year={2015}
}

@article{zager2016response,
  title={A Response to? Cyber Proficient Force 2015 \& Beyond?: Why We Will Continue to Lose the Cyber War},
  author={Zager, Robert and Zager, John},
  journal={Journal Article| Sep},
  volume={13},
  number={1},
  pages={34am},
  year={2016}
}

@article{romanosky2019private,
  title={Private Sector Attribution of Cyber Incidents},
  author={Romanosky, Sasha and Boudreaux, Benjamin},
  year={2019},
  publisher={RAND Corporation}
}

@inproceedings{li2017association,
  title={Association Analysis Of Cyber-Attack Attribution Based On Threat Intelligence},
  author={Li, Qiang and Yang, Zeming and Jiang, Zhengwei and Liu, Baoxu and Fu, Yuxia},
  booktitle={2017 2nd Joint International Information Technology, Mechanical and Electronic Engineering Conference (JIMEC 2017)},
  year={2017},
  organization={Atlantis Press}
}

@article{eichensehr2020law,
  title={The Law \& Politics of Cyberattack Attribution},
  author={Eichensehr, Kristen},
  journal={UCLA Law Review},
  volume={67},
  year={2020}
}

@article{lin2016attribution,
  title={Attribution of malicious cyber incidents: From soup to nuts},
  author={Lin, Herbert},
  journal={Journal of International Affairs},
  volume={70},
  number={1},
  pages={75--137},
  year={2016},
  publisher={JSTOR}
}

@article{parker2011stuxnet,
  title={Stuxnet redux: Malware attribution \& lessons learned},
  author={Parker, Tom},
  journal={Black Hat DC},
  year={2011}
}

@article{mikolov2013efficient,
  title={Efficient estimation of word representations in vector space},
  author={Mikolov, Tomas and Chen, Kai and Corrado, Greg and Dean, Jeffrey},
  journal={arXiv preprint arXiv:1301.3781},
  year={2013}
}

@online{pytorch:2017,
  author = {Paszke and Chanan},
  title = {PyTorch},
  year = 2017,
  url = {https://github.com/pytorch/pytorch},
  urldate = {2017-09-11}
}

@inproceedings{kolosnjaji2016deep,
  title={Deep learning for classification of malware system call sequences},
  author={Kolosnjaji, Bojan and Zarras, Apostolis and Webster, George and Eckert, Claudia},
  booktitle={Australasian Joint Conference on Artificial Intelligence},
  pages={137--149},
  year={2016},
  organization={Springer}
}

@article{DBLP:journals/corr/BakdashHZMTSHD17,
  author    = {Jonathan Z. Bakdash and
               Steve Hutchinson and
               Erin G. Zaroukian and
               Laura R. Marusich and
               Saravanan Thirumuruganathan and
               Char Sample and
               Blaine Hoffman and
               Gautam Das},
  title     = {Malware in the Future? Forecasting Analyst Detection of Cyber Events},
  journal   = {CoRR},
  volume    = {abs/1707.03243},
  year      = {2017},
  url       = {http://arxiv.org/abs/1707.03243},
  archivePrefix = {arXiv},
  eprint    = {1707.03243},
  timestamp = {Mon, 13 Aug 2018 16:47:47 +0200},
  biburl    = {https://dblp.org/rec/bib/journals/corr/BakdashHZMTSHD17},
  bibsource = {dblp computer science bibliography, https://dblp.org}
}

@inproceedings{guo2017semantically,
  title={Semantically enhanced software traceability using deep learning techniques},
  author={Guo, Jin and Cheng, Jinghui and Cleland-Huang, Jane},
  booktitle={Proceedings of the 39th International Conference on Software Engineering},
  pages={3--14},
  year={2017},
  organization={IEEE Press}
}

@article{rhode2017early,
  title={Early Stage Malware Prediction Using Recurrent Neural Networks},
  author={Rhode, Matilda and Burnap, Pete and Jones, Kevin},
  journal={arXiv preprint arXiv:1708.03513},
  year={2017}
}

@inproceedings{gupta2009empirical,
  title={An empirical study of malware evolution},
  author={Gupta, Archit and Kuppili, Pavan and Akella, Aditya and Barford, Paul},
  booktitle={Communication Systems and Networks and Workshops, 2009. COMSNETS 2009. First International},
  pages={1--10},
  year={2009},
  organization={IEEE}
}

@inproceedings{meyers2005digital,
  title={Digital forensics: Meeting the challenges of scientific evidence},
  author={Meyers, Matthew and Rogers, Marcus},
  booktitle={IFIP International Conference on Digital Forensics},
  pages={43--50},
  year={2005},
  organization={Springer}
}

@article{phan2018convolutional,
  title={Convolutional Neural Networks over Control Flow Graphs for Software Defect Prediction},
  author={Phan, Anh Viet and Nguyen, Minh Le and Bui, Lam Thu},
  journal={arXiv preprint arXiv:1802.04986},
  year={2018}
}

@misc{zeidman2012detecting,
  title={Detecting copied computer source code by examining computer object code},
  author={Zeidman, Robert},
  year={2012},
  month=aug # "~28",
  publisher={Google Patents},
  note={US Patent 8,255,885}
}

@article{falliere2010exploring,
  title={Exploring Stuxnet‘s PLC Infection Process},
  author={Falliere, Nicolas},
  journal={Symantec blog entry, http://www. symantec. com/connect/blogs/exploring-stuxnet-s-plc-infection-process},
  year={2010}
}

@inproceedings{luo2014semantics,
  title={Semantics-based obfuscation-resilient binary code similarity comparison with applications to software plagiarism detection},
  author={Luo, Lannan and Ming, Jiang and Wu, Dinghao and Liu, Peng and Zhu, Sencun},
  booktitle={Proceedings of the 22nd ACM SIGSOFT International Symposium on Foundations of Software Engineering},
  pages={389--400},
  year={2014},
  organization={ACM}
}

@article{flederer2017source,
  title={Source Code Verification for Embedded Systems using Prolog},
  author={Flederer, Frank and Ostermayer, Ludwig and Seipel, Dietmar and Montenegro, Sergio},
  journal={arXiv preprint arXiv:1701.00630},
  year={2017}
}

@article{oh2009fight,
  title={Fight against 1-day exploits: Diffing binaries vs anti-diffing binaries},
  author={Oh, Jeongwook},
  journal={Black Hat. Black Hat},
  year={2009}
}

@online{symantec:2009,
  author = {John Letzing},
  title = {Symantec wins 545 million decision in federal tax case},
  year = 2009,
  url = {https://www.marketwatch.com/story/symantec-wins-545-million-opinion-in-tax-case-2009-12-10},
  urldate = {2014-08-24}
}

@article{facebook:2007,
  title={Facebook in court over ownership},
  author={Tryhorn, Chris},
  journal={The Guardian. http://www. guardian. co. uk/media/2007/jul/25/digitalmedia. usnews. Retrieved},
  pages={03--15},
  year={2008}
}

@article{DOSvsCPM:2014,
  title={A Code Correlation Comparison of the DOS and CP/M Operating Systems},
  author={Zeidman, Robert},
  journal={Journal of Software Engineering and Applications},
  volume={7},
  number={06},
  pages={513},
  year={2014},
  publisher={Scientific Research Publishing}
}

@article{court:2010,
  title={Software v. software},
  author={Zeidman, Bob},
  journal={iEEE SpEctrum},
  volume={47},
  number={10},
  year={2010},
  publisher={IEEE}
}

@online{ipwatchdog:2014,
  author = {Bob Zeidman},
  title = {Software Forensics: Objectively Proving Infringement or Misappropriation},
  year = 2014,
  url = {http://www.ipwatchdog.com/2014/10/27/software-forensics-objectively-proving-infringement-or-misappropriation/id=51825/},
  urldate = {2014-08-24}
}

@inproceedings{badgram:2005,
  title={Grammar-based analysis of string expressions},
  author={Thiemann, Peter},
  booktitle={Proceedings of the 2005 ACM SIGPLAN international workshop on Types in languages design and implementation},
  pages={59--70},
  year={2005},
  organization={ACM}
}

@online{provenance2:2014,
  author = {Andrew P. Davison},
  title = {Provenance Inference in Software},
  year = 2014,
  url = {https://insights.sei.cmu.edu/sei\_blog/2014/02/provenance-inference-in-software.html},
  urldate = {2014-08-24}
}

@online{provenance:2011,
  author = {Andrew P. Davison},
  title = {Provenance tracking — Best practices for data management},
  year = 2011,
  url = {http://rrcns.readthedocs.io/en/latest/provenance_tracking.html},
  urldate = {2014-08-24}
}

@article{IFIP:2006,
  title={Source code author identification based on n-gram author profiles},
  author={Frantzeskou, Georgia and Stamatatos, Efstathios and Gritzalis, Stefanos and Katsikas, Sokratis},
  journal={Artificial Intelligence Applications and Innovations},
  pages={508--515},
  year={2006},
  publisher={Springer}
}

@book{influence:2009,
  title={Influence},
  author={Cialdini, Robert B},
  volume={3},
  year={1987},
  publisher={A. Michel Port Harcourt}
}

@book{sfbook:2011,
  title={The Software IP Detective's Handbook: Measurement, Comparison, and Infringement Detection},
  author={Zeidman, Bob},
  year={2011},
  publisher={Prentice Hall Professional}
}

@book{artsci:2015,
  title={The Art and Science of Analyzing Software Data},
  author={Bird, Christian and Menzies, Tim and Zimmermann, Thomas},
  year={2015},
  publisher={Elsevier}
}

@online{stackoverflow:2009,
  author = {Stack Overflow},
  title = {What is the best comment in source code you have ever encountered?},
  year = 2009,
  url = {http://stackoverflow.com/questions/184618/what-is-the-best-comment-in-source-code-you-have-ever-encountered},
  urldate = {2009-09-11}
}

@online{ibm:2006,
  author = {Groklaw},
  title = {Wells' Order Granting in Part IBM's Motion to Limit SCO's Claims, as text},
  year = 2006,
  url = {http://www.groklaw.net/article.php?story=20060628203537917},
  urldate = {2007-08-12}
}

@online{CodeSuite,
  author = {SAFE, Corp},
  title = {Abstraction Filtration Comparison Test},
  year = 2013,
  url = {http://www.safe-corp.com/products\_codesuite.htm},
  urldate = {2017-11-07}
}

@online{VzDBIR:2016,
  author = {Verizon},
  title = {2016 Data Breach Investigations Report - Verizon Enterprise Solutions},
  year = 2016,
  url = {www.verizonenterprise.com/resources/reports/rp_DBIR_2016_Report_en_xg.pdf},
  urldate = {2017-11-07}
}

@article{martial:1958,
 ISSN = {0035449X},
 URL = {http://www.jstor.org/stable/41234664},
 author = {Peter Anderson},
 journal = {Rheinisches Museum für Philologie},
 number = {1},
 pages = {119-122},
 publisher = {J.D. Sauerländers Verlag},
 title = {MARTIAL 1.29: APPEARANCE AND AUTHORSHIP},
 volume = {149},
 year = {2006}
}

@online{!stealsc:2012,
  author = {Jones, Nigel},
  title = {Why you really shouldn’t steal source code},
  year = 2012,
  url = {http://embeddedgurus.com/stack-overflow/2012/02/why-you-really-shouldnt-steal-source-code/},
  urldate = {2012-09-11}
}

@article{Balakrishnan2010Wysinwyx,
	author = {Balakrishnan, Gogul and Reps, Thomas},
	booktitle = {ACM Transactions on Programming Languages and Systems},
	issn = 01640925,
	journal = {ACM Transactions on Programming Languages and Systems},
	month = 8,
	number = 6,
	pages = {1-84},
	publisher = {ACM},
	title = {WYSINWYX: What you see is not what you eXecute},
	urldate = {04/04/14},
	volume = 32,
	year = 2010
}

@article{Chikofsky1990Reverse,
	author = {Chikofsky, E.J. and Cross, J.H.},
	booktitle = {IEEE Software},
	issn = {0740-7459},
	journal = {IEEE Software},
	month = 1,
	number = 1,
	pages = {13-17},
	publisher = {IEEE Computer Society Press},
	title = {Reverse engineering and design recovery: a taxonomy},
	urldate = {27/03/14},
	volume = 7,
	year = 1990
}

@article{Hirschberg1977Algorithms,
	author = {Hirschberg, Daniel S.},
	booktitle = {Journal of the ACM},
	issn = 00045411,
	journal = {Journal of the ACM},
	month = 10,
	number = 4,
	pages = {664-675},
	publisher = {ACM},
	title = {Algorithms for the Longest Common Subsequence Problem},
	urldate = {04/04/14},
	volume = 24,
	year = 1977
}

@article{Wang2000Bmat,
	author = {Wang, Zheng and Pierce, Ken and McFarling, Scott},
	booktitle = {Journal of Instruction-Level Parallelism},
	journal = {Journal of Instruction-Level Parallelism},
	title = {BMAT - A Binary Matching Tool for Stale Profile Propagation},
	urldate = {06/04/14},
	volume = 2,
	year = 2000
}

@article{Schwartz2010All,
	author = {Schwartz, Edward J. and Avgerinos, Thanassis and Brumley, David},
	booktitle = {2010 IEEE Symposium on Security and Privacy},
	isbn = {978-1-4244-6894-2},
	journal = {2010 IEEE Symposium on Security and Privacy},
	keywords = {-taint},
	pages = {317-331},
	publisher = {Ieee},
	title = {All You Ever Wanted to Know about Dynamic Taint Analysis and Forward Symbolic Execution (but Might Have Been Afraid to Ask)},
	year = 2010
}

@book{Eilam2005Reversing,
	author = {Eilam, Eldad},
	isbn = 0764574817,
	pages = 624,
	publisher = {Wiley},
	title = {Reversing: Secrets of Reverse Engineering},
	urldate = {30/03/14},
	year = 2005
}

@article{Kagdi2007Survey,
	author = {Kagdi, Huzefa and Collard, Michael L. and Maletic, Jonathan I.},
	booktitle = {Journal of Software Maintenance and Evolution: Research and Practice},
	issn = {1532060X},
	journal = {Journal of Software Maintenance and Evolution: Research and Practice},
	month = 3,
	number = 2,
	pages = {77-131},
	title = {A survey and taxonomy of approaches for mining software repositories in the context of software evolution},
	urldate = {08/04/14},
	volume = 19,
	year = 2007
}

@book{Jiang2013Android,
	address = {New York, NY},
	author = {Jiang, Xuxian and Zhou, Yajin},
	isbn = {978-1-4614-7393-0},
	pages = 44,
	publisher = {Springer New York},
	series = {SpringerBriefs in Computer Science},
	title = {Android Malware},
	urldate = {01/04/14},
	year = 2013
}

@article{Miller1985File,
	author = {Miller, Webb and Myers, Eugene W.},
	booktitle = {Software: Practice and Experience},
	issn = 00380644,
	journal = {Software: Practice and Experience},
	month = 11,
	number = 11,
	pages = {1025-1040},
	title = {A file comparison program},
	urldate = {04/04/14},
	volume = 15,
	year = 1985
}

@inproceedings{Maletic2004Supporting,
	author = {Maletic, J.I. and Collard, M.L.},
	booktitle = {20th IEEE International Conference on Software Maintenance, 2004. Proceedings.},
	isbn = {0-7695-2213-0},
	issn = {1063-6773},
	journal = {20th IEEE International Conference on Software Maintenance, 2004. Proceedings.},
	pages = {210-219},
	publisher = {IEEE},
	shorttitle = {Software Maintenance, 2004. Proceedings. 20th IEEE},
	title = {Supporting source code difference analysis},
	urldate = {08/04/14},
	year = 2004
}

@inproceedings{Economou2009Heuristics,
	address = {Buenos Aires, Argentina},
	author = {Economou, Nicolas},
	booktitle = {EkoParty},
	journal = {EkoParty},
	title = {Heuristics applied to Binary Diffing},
	year = 2009
}

@book{Eagle2011Ida,
	address = {San Francisco},
	author = {Eagle, Chris},
	isbn = 1593272898,
	pages = 672,
	publisher = {No Starch Press},
	title = {The IDA Pro Book: The Unofficial Guide to the World's Most Popular Disassembler},
	urldate = {03/04/14},
	year = 2011
}

@article{Barat2013Study,
	author = {Barat, Marius and Prelipcean, Dumitru-Bogdan and Gavriluţ, Dragoş Teodor},
	booktitle = {Journal of Computer Virology and Hacking Techniques},
	issn = {2263-8733},
	journal = {Journal of Computer Virology and Hacking Techniques},
	month = 10,
	number = 4,
	pages = {171-178},
	title = {A study on common malware families evolution in 2012},
	urldate = {04/04/14},
	volume = 9,
	year = 2013
}

@book{Folwer1999Refactoring,
	author = {Folwer, Martin},
	isbn = 0201485672,
	pages = 464,
	publisher = {Addison-Wesley Professional},
	title = {Refactoring: Improving the Design of Existing Code},
	urldate = {06/04/14},
	year = 1999
}

@article{Thummalapenta2009Empirical,
	author = {Thummalapenta, Suresh and Cerulo, Luigi and Aversano, Lerina and Di Penta, Massimiliano},
	booktitle = {Empirical Software Engineering},
	issn = {1382-3256},
	journal = {Empirical Software Engineering},
	month = 3,
	number = 1,
	pages = {1-34},
	title = {An empirical study on the maintenance of source code clones},
	urldate = {25/03/14},
	volume = 15,
	year = 2009
}

@article{Hunt1977Fast,
	author = {Hunt, James W. and Szymanski, Thomas G.},
	booktitle = {Communications of the ACM},
	issn = 00010782,
	journal = {Communications of the ACM},
	month = 5,
	number = 5,
	pages = {350-353},
	publisher = {ACM},
	title = {A fast algorithm for computing longest common subsequences},
	urldate = {04/04/14},
	volume = 20,
	year = 1977
}

@inproceedings{Flake2004Structural,
	address = {Dortmund, Germany},
	author = {Flake, Halvar},
	booktitle = {Detection of Intrusions and Malware \& Vulnerability Assessment (DIMVA), GI SIG SIDAR Workshop},
	journal = {Detection of Intrusions and Malware \& Vulnerability Assessment (DIMVA), GI SIG SIDAR Workshop},
	pages = {161-173},
	title = {Structural Comparison of Executable Objects},
	volume = 46,
	year = 2004
}

@inproceedings{Dullien2005GraphBased,
	author = {Dullien, Thomas and Rolles, Rolf},
	booktitle = {Sécurité des Technologies de l’Information et des Communications (SSTIC)},
	journal = {Sécurité des Technologies de l’Information et des Communications (SSTIC)},
	title = {Graph-based comparison of Executable Objects},
	year = 2005
}

@article{Fluri2007Change,
	author = {Fluri, Beat and Wuersch, Michael and PInzger, Martin and Gall, Harald},
	booktitle = {IEEE Transactions on Software Engineering},
	issn = {0098-5589},
	journal = {IEEE Transactions on Software Engineering},
	month = 11,
	number = 11,
	pages = {725-743},
	shorttitle = {Software Engineering, IEEE Transactions on},
	title = {Change Distilling:Tree Differencing for Fine-Grained Source Code Change Extraction},
	urldate = {08/04/14},
	volume = 33,
	year = 2007
}

@article{Gao2008Binhunt,
	author = {Gao, Debin and Reiter, Michael K and Song, Dawn},
	booktitle = {International Conference on Information and Communication Security},
	journal = {International Conference on Information and Communication Security},
	pages = {238-255},
	title = {BinHunt : Automatically Finding Semantic Differences in Binary Programs},
	year = 2008
}

@misc{Cavusoglu2006Economics,
	author = {Cavusoglu, Huseyin and Cavusoglu, Hasan and Zhang, Jun},
	booktitle = {Workshop on the Economics of Information Security (WEIS)},
	journal = {Workshop on the Economics of Information Security (WEIS)},
	title = {Economics of Security Patch Management},
	urldate = {12/04/14},
	year = 2006
}

@inproceedings{Brumley2011Bap,
	author = {Brumley, David and Jager, Ivan and Avgerinos, Thanassis and Schwartz, Edward J.},
	booktitle = {Computer Aided Verification},
	isbn = {978-3-642-22109-5},
	journal = {Computer Aided Verification},
	month = 7,
	pages = {463-469},
	title = {BAP: a binary analysis platform},
	urldate = {12/04/14},
	year = 2011
}
