@book{Eagle2011Ida,
	address = {San Francisco},
	author = {Eagle, Chris},
	isbn = 1593272898,
	pages = 672,
	publisher = {No Starch Press},
	title = {The IDA Pro Book: The Unofficial Guide to the World's Most Popular Disassembler},
	urldate = {03/04/14},
	year = 2011
}
